@article{Bradley1985,
   author = {Bradley, J.H.},
   title = {The Science and Art of Debugging},
   journal = {ComputerWorld},
   volume = {August},
   number = {19},
   year = {1985},
   pages = {35-38},
   abstract = {}
}

@article{Bunt2003,
   author = {Andy Hunt and Dave Thomas},
   title = {The Art of Enbugging},
   journal = {Software IEEE},
   volume = {Jan-Feb},
   number = {20},
   year = {2003},
   pages = {10-11},
   abstract = {}
}

@article{Jones2003,
   author = {Carpers Jones},
   title = {Variations in software development practices},
   journal = {Software IEEE},
   volume = {Nov-Dec},
   number = {20},
   year = {2003},
   pages = {22-27},
   abstract = {}
}

% ======================= %

@Book{Myers1979,
  author =       {Genford J. Myers},
  title =        {The art of software testing},
  publisher =    {John Wiley and Sons},
  address =      {NY,USA},
  year =         {1979},
  series =       {},
  ISBN =         {},
  LCCN =         {},
  pages =        {},
}
@Book{Kanis1999,
  author =       {Cem Kanis},
  title =        {Testing Computer software},
  publisher =    {WILEY},
  address =      {USA},
  year =         {1999},
  series =       {},
  ISBN =         {0-471-35846-0},
  LCCN =         {},
  pages =        {329},
}
@Book{Xanthakis2000,
  author =       {Spyros Xanthakis},
  title =        {Le test des logiciels},
  publisher =    {HERMES Science},
  address =      {Paris, France},
  year =         {2000},
  series =       {},
  ISBN =         {2-7462-0083-X},
  LCCN =         {},
  pages =        {329},
}
@Book{Rozenberg1988,
  author =       {Maurice Rozenberg},
  title =        {Test logiciel},
  publisher =    {Eyrolles},
  address =      {Paris, France},
  year =         {1988},
  series =       {},
  ISBN =         {2-212-09050-1},
  LCCN =         {},
  pages =        {231},
}
@Book{Binder2000,
  author =       {Robert V. Binder},
  title =        {Testing Object-Oriented Systems. Models,Patterns, and Tools},
  publisher =    {Addison-Wesley},
  address =      {USA},
  year =         {2000},
  series =       {},
  ISBN =         {0-0201-80938-9},
  LCCN =         {},
  pages =        {1191},
}
@Book{Parnas2001,
  author =       {David V. Parnas},
  title =        {Software Fundamentals. Collected Papers by David L. Parnas},
  publisher =    {Addison-Wesley},
  address =      {USA},
  year =         {2001},
  series =       {},
  ISBN =         {0-2001-70369-6},
  LCCN =         {},
  pages =        {664},
}
@Book{McConnell2004,
  author =       {Steve McConnell},
  title =        {Code Complete Second Edition},
  publisher =    {Microsoft Press},
  address =      {USA},
  year =         {2004},
  series =       {},
  ISBN =         {0-7356-1967-0},
  LCCN =         {},
  pages =        { 960},
}
@Book{Meyer1997,
  author =       {Betrand Meyer},
  title =        {Object-oriented software construction},
  publisher =    {Prentice Hall},
  address =      {USA},
  year =         {1997},
  series =       {},
  ISBN =         {0-136-29155-4},
  LCCN =         {},
  pages =        {1254},
}
@Book{Rakitin2001,
  author =       {Steven R. Rakitin},
  title =        {Software Verification and Validation for Practitioners and Managers},
  publisher =    {Artech House},
  address =      {USA},
  year =         {2001},
  series =       {},
  ISBN =         {1-58053-296-9},
  LCCN =         {},
  pages =        {387},
}
@Book{Liskov2001,
  author =       {Barbara Liskov,John Guttag},
  title =        {Program Development in Java},
  publisher =    {Addison Wesley},
  address =      {USA},
  year =         {2001},
  series =       {},
  ISBN =         {0-201-65768-6},
  LCCN =         {},
  pages =        {441},
}
@Book{Jones2000,
  author =       {Carpers Jones},
  title =        {Software Assessments, Benchmarks, and Best Practices},
  publisher =    {Addison Wesley},
  address =      {USA},
  year =         {2000},
  series =       {},
  ISBN =         {0-201-48542-7},
  LCCN =         {},
  pages =        {659},
}
@Book{McGregor2001,
  author =       {John D. McGregor, David A. Sykes},
  title =        {A practical guide to testing object-oriented software},
  publisher =    {Addison Wesley},
  address =      {USA},
  year =         {2001},
  series =       {},
  ISBN =         {0-201-325640},
  LCCN =         {},
  pages =        {393},
}
@Book{Perry2000,
  author =       {William E. Perry },
  title =        {Effective Methods for Software Testing},
  publisher =    {Wiley},
  address =      {USA},
  year =         {2000},
  series =       {},
  ISBN =         {0-471-35418-X},
  LCCN =         {},
  pages =        {812},
}
@Book{Whittaker2003,
  author =       {James A. Whittaker },
  title =        {How to break software : a practical guide to testing},
  publisher =    {Addison Wesley},
  address =      {Boston, MA,USA},
  year =         {2003},
  series =       {},
  ISBN =         {0-201-796198},
  LCCN =         {},
  pages =        {178},
}
@Book{Hightower2002,
  author =       {Richard Hightower, Nicholas Lesiecki},
  title =        {Java tools for eXtreme programming : mastering open source tools including Ant, JUnit, and Cactus},
  publisher =    {Wiley},
  address =      {USA},
  year =         {2002},
  series =       {},
  ISBN =         {0-471-20708-X},
  LCCN =         {},
  pages =        {516},
}
@Book{Ceki2004,
  author =       {Ceki Gülcü},
  title =        {The complete manual log4j},
  publisher =    {Wiley},
  address =      {USA},
  year =         {2004},
  series =       {},
  ISBN =         {},
  LCCN =         {},
  pages =        {206},
}
