@article{gonzalez2003,
   author = {Ruben Gonzalez-Rubio and Domingo Palao-Muñoz},
   title = {L'architecture d'un système de production des horaires de cours et d'examens},
   journal = {Conferences PATAT},
   volume = {},
   number = {},
   pages = {},
   year = {2004},
   abstract = {}
}

% ======================= %


% Eliminar %
@Book{meyer2000,
  author =       {Bertrand Meyer},
  title =        {Conception et programmation orientées objet},
  publisher =    {Eyrolles},
  address =      {},
  year =         {2000},
  series =       {},
  ISBN =         {},
  LCCN =         {},
  pages =        {},
}
