@BOOK{dummy5,
   AUTHOR="A.D. Dummy",
   YEAR = "2001",
   TITLE = "This is another dummy title",
   PUBLISHER = "Dummy Publishing Co.",
   PAGES=1200,
}

@BOOK{dummy6,
   AUTHOR="A.D. Dummy and B.Y. Yummy",
   YEAR = "1998",
   TITLE = "This is another dummy and yummy title",
   PUBLISHER = "Dummy and Yummy Publishing Co.",
   PAGES=1150,
}

@BOOK{dummy7,
   AUTHOR="A.D. Dummy and B.M. Mummy",
   YEAR = "1997",
   TITLE = "his is another dummy and mummy title",
   PUBLISHER = "Dummy and Mummy Publishing Co.",
   PAGES=1100,
}

@BOOK{dummy8,
   AUTHOR="A.D. Dummy",
   YEAR = "1996",
   TITLE = "This is another$^2$ dummy title",
   PUBLISHER = "Dummy Publishing Co.",
   PAGES=1500,
}
