%%bibCours.bib@BOOK{aho88,AUTHOR = "{A. Aho and R. Sethi and J.~D. Ullman}",TITLE = "Compilers, Principles, Techniques and Tools",YEAR = "1988",PUBLISHER = "Addison-Wesley" }@BOOK{anderson87,AUTHOR = "B. Anderson and B. Costales and H. Henderson",TITLE = "{UNIX} Communications",YEAR = "1987",PUBLISHER = "Howard W. Sam \& Company" }@BOOK{arnold94,AUTHOR = "A. Arnold and I. Guessarian",TITLE = "Math\'ematiques pour l'Informatique",YEAR = "1994",PUBLISHER = "Masson" }@BOOK{apple89,AUTHOR = "{Apple Computer}",TITLE = "Apple{T}alk Network System Overview",YEAR = "1989",PUBLISHER = "Addison-Wesley" }@BOOK{belley96,AUTHOR = "A. Belley and L. Dusssault and S. Lafert\'{e}",TITLE = "Comment r\'{e}diger son plan d'affaires : \`{A} l'aide d'un exemple de projet d'entreprise",YEAR = "1996",PUBLISHER = "Publications Transcontinental Inc." }@BOOK{blais96,AUTHOR = "R. Blais",TITLE = "Les ressourcess Humaines, l'atout concurrentiel",YEAR = "1996",PUBLISHER = "Presses Inter-Universitaires" }@BOOK{bender96,AUTHOR = "E.~A. Bender",TITLE = "Mathematical Methods in Artificial Intelligence",YEAR = "1996",PUBLISHER = "IEEE Computer Society" }@MANUAL{borland92a,KEY = "borland92a",TITLE = "Borland Pascal with Objects: Language Guide",YEAR = "1992",ORGANIZATION = "Borland" }@MANUAL{borland92b,KEY = "borland92b",TITLE = "Borland Pascal with Objects: User's Guide",YEAR = "1992",ORGANIZATION = "Borland" }@MANUAL{borland92c,KEY = "borland92c",TITLE = "Borland Pascal with Objects: Programmer's Reference",YEAR = "1992",ORGANIZATION = "Borland" }@BOOK{chazarin96,AUTHOR = "J. Chazarin",TITLE = "Programmer avec Scheme~: de la Pratique \`{a} la Th\'{e}orie",YEAR = "1996",PUBLISHER = "International Thomson Publishing France" }@BOOK{clocksin84,AUTHOR = "W.~F. Clocksin and C.~S. Mellish",TITLE = "Programming in Prolog",YEAR = "1984",EDITION = "2nd",PUBLISHER = "Springer-Verlag" }@BOOK{comer88,AUTHOR = "D.~Comer",TITLE = "Internetworking with {TCP/IP}",YEAR = "1988",PUBLISHER = "Prentice-Hall" }@BOOK{curcio88,AUTHOR = "Jean-Pierre Curcio and Jean Robberecht",TITLE = "Le livre d'Apple{T}alk",YEAR = "1988",PUBLISHER = "P.S.I." }@BOOK{davison88,AUTHOR = "John Davison",TITLE = "An Introduction to {TCP/IP}",YEAR = "1988",PUBLISHER = "Springer-Verlag" }@BOOK{decker95a,AUTHOR = "R. Decker and S. Hirshfield",TITLE = "The Object Concept. An Introduction to Computer Programming Using C++",YEAR = "1995",PUBLISHER = "PWS" }@BOOK{decker95b,AUTHOR = "R. Decker and S. Hirshfield",TITLE = "Working Classes: Data Structures and Algorithms Using C++",YEAR = "1995",PUBLISHER = "PWS" }@BOOK{deitel94,AUTHOR = "H. M. Deitel and P. J. Deitel",TITLE = "C++ How to Program",YEAR = "1994",PUBLISHER = "Prentice-Hall" }@BOOK{deitel98,AUTHOR = "H. M. Deitel and P. J. Deitel",TITLE = "C++ How to Program",YEAR = "1998",EDITION = "2nd",PUBLISHER = "Prentice-Hall" }@BOOK{dent95,AUTHOR = "H. Dent",TITLE = "La r\'{e}volution du travail, ``Le job choc''",YEAR = "1995",PUBLISHER = "Les \'{E}ditions Qu\'{e}becor" }@BOOK{dicenet87,AUTHOR = "G. Dicenet",TITLE = "Le {RNIS}: techniques et atouts",YEAR = "1987",SERIES = "CNET, ENST",PUBLISHER = "Masson" }@BOOK{dybving87,AUTHOR = "R. K. Dybvig",TITLE = "The Scheme Programming Language",YEAR = "1987",PUBLISHER = "Prentice-Hall" }@BOOK{ellis90,AUTHOR = "M. A. Ellis and B. Stroustrup",TITLE = "The annotated C++ Reference Manual",YEAR = "1990",PUBLISHER = "Addison-Wesley" }@BOOK{fortin86,AUTHOR = "{P.-A.} Fortin",TITLE = "Devenez entrepreneur",YEAR = "1986",PUBLISHER = "Publications Transcontinental Inc. etLes Presses de l'Universit\'{e} Laval" }@BOOK{friedman94,AUTHOR = "F. L. Friedman and E. B. Koffman",TITLE = "Problem Solving, Abstraction, and Design Using C++",YEAR = "1994",PUBLISHER = "Addison-Wesley" }@BOOK{grassmann96,AUTHOR = "W.~K. Grassmann and {J.-P.} Tremblay",TITLE = "Logic and Discret Mathematics. A Computer Science Perspective",YEAR = "1996",PUBLISHER = "Prentice-Hall" }@BOOK{gries93,AUTHOR = "D. Gries and F.~B. Schneider",TITLE = "A Logical Approach to Discrete Math",YEAR = "1993",PUBLISHER = "Springer-Verlag"}@BOOK{grimaldi94,AUTHOR = "R.~P. Grimaldi",TITLE = "Discrete and Combinatorial Mathematics: An Applied Introduction",YEAR = "1996",EDITION = "3rd",PUBLISHER = "Addison-Wesley" }@BOOK{halsall92,AUTHOR = "Fred Halsall",TITLE = "Data Communications, Computer Networks and {OSI}",YEAR = "1992",EDITION = "3rd",PUBLISHER = "Addison-Wesley" }@BOOK{hennessy92,AUTHOR = "John L. Hennessy and David A. Patterson",TITLE = "Architecture des ordinateurs. Une approche quantitative",YEAR = "1992",PUBLISHER = "McGraw-Hill" }@BOOK{hennessy94,AUTHOR = "J. Hennessy and D. Patterson",TITLE = "Organisation et conception des ordinateurs. L'interfacemat\'{e}riel/logiciel",YEAR = "1994",PUBLISHER = "Dunod" }@BOOK{jensen78,AUTHOR = "K. Jensen and N. Wirth",TITLE = "Pascal. User Manual and Report",YEAR = "1978",EDITION = "2nd",PUBLISHER = "Springer-Verlag" }@BOOK{joyce93,AUTHOR = "D.~T. Joyce",TITLE = "Lab Manual For Turbo Pascal (Elliot B. Koffman with Bruce R. Maxim)",YEAR = "1993",EDITION = "4th",PUBLISHER = "Addison-Wesley" }@BOOK{keiser89,AUTHOR = "G. ~E. Keiser",TITLE = "Local Area Networks",YEAR = "1989",PUBLISHER = "McGraw-Hill" }@BOOK{koffman92,AUTHOR = "Elliot B. Koffman",TITLE = "Pascal",YEAR = "1992",EDITION = "4th",PUBLISHER = "Addison-Wesley" }@BOOK{koffman93,AUTHOR = "Elliot B. Koffman and Bruce Maxim",TITLE = "Turbo Pascal",YEAR = "1993",EDITION = "4th",PUBLISHER = "Addison-Wesley" }@BOOK{koffman99,AUTHOR = "Elliot B. Koffman and Ursula Wolz",TITLE = "Problem Solving with Java",YEAR = "1999",PUBLISHER = "Addison-Wesley" }@BOOK{lippman91,AUTHOR = "S.~B. Lippman",TITLE = "C++ Primer",YEAR = "1991",EDITION = "2nd",PUBLISHER = "Addison-Wesley" }@BOOK{luger93,AUTHOR = "G. F. Luger and W. A. Stubblefield",TITLE = "Artificial Intelligence. Structures and Strategies for Complex ProblemSolving",YEAR = "1993",EDITION = "2nd",PUBLISHER = "Benjamin/Cummings" }@MANUAL{mabilleau96,AUTHOR = "Ph. Mabilleau",TITLE = "Documentation du {K}it 331",YEAR = "1996",ORGANIZATION = "Universit\'{e} de Sherbrooke" }@BOOK{macchi87,AUTHOR = "C\'{e}sar Macchi and Jean-Fran\c{c}ois Guilbert",TITLE = "T\'{e}l\'{e}informatique",YEAR = "1987",EDITION = "Nouvelle",SERIES = "CNET, ENST",PUBLISHER = "Dunod" }@BOOK{marchand89,AUTHOR = "M. Marchand",TITLE = "Math\'ematique discr\`ete. Outil pour l'informaticien",YEAR = "1989",PUBLISHER = "DeBoek Universit\'e" }@BOOK{mcclellan98,AUTHOR = "J.~H. McClellan and R.~W. Schafer and M.~A. Yoder",TITLE = "DSP First: A Multimedia Approach",YEAR = "1998",PUBLISHER = "Prentice-Hall" }@BOOK{norvig92,AUTHOR = "P. Norvig",TITLE = "Paradigms of Artificial Intelligence Programming: Case Studies in CommonLisp",YEAR = "1993",PUBLISHER = "Morgan Kaufmann" }@BOOK{patterson90,AUTHOR = "David A. Patterson and John L. Hennessy",TITLE = "Computer Architecture a Quantitative Approach",YEAR = "1990",PUBLISHER = "Morgan Kaufmann" }@BOOK{patterson94,AUTHOR = "David A. Patterson and John L. Hennessy",TITLE = "Computer Organization \& Design The Hardware/Software Interface",YEAR = "1994",PUBLISHER = "Morgan Kaufmann" }@BOOK{peirce91,AUTHOR = "Michael Peirce",TITLE = "Programming with Apple{T}alk",YEAR = "1991",PUBLISHER = "Addison-Wesley" }@BOOK{pothering95,AUTHOR = "G. J. Pothering and T. L. Naps",TITLE = "Introduction to Data Structures and Algorithm Analysis with C++",YEAR = "1995",PUBLISHER = "West" }@BOOK{pregent90,AUTHOR = "Richard Pr\'{e}gent",TITLE = "La pr\'{e}paration d'un cours",YEAR = "1990",PUBLISHER = "\'{E}ditions de l'\'{E}cole Polytechnique" }@BOOK{rich91,AUTHOR = "E. Rich and K. Knight",TITLE = "Artificial Intelligence",YEAR = "1991",EDITION = "2nd",PUBLISHER = "McGraw-Hill" }@BOOK{rosen95,AUTHOR = "K. H Rosen",TITLE = "Math\'{e}matiques Discr\`{e}tes",YEAR = "1995",PUBLISHER = "Cheneli\`{e}re McGraw-Hill" }

@BOOK{rosen99,AUTHOR = "K. H Rosen",TITLE = "Discrete Mathematics and its Applications",YEAR = "1999",
EDITION = "4th",PUBLISHER = "WCB McGraw-Hill" }@BOOK{russell95,AUTHOR = "S. Russell and P. Norvig",TITLE = "Artificial Intelligence: A Modern Approach",YEAR = "1995",
PUBLISHER = "Prentice-Hall" }@BOOK{schach97,AUTHOR = "S.~R. Schach",TITLE = "Software Engineering with Java",YEAR = "1997",PUBLISHER = "Irwin" }@BOOK{schwartz87,AUTHOR = "Mischa Schwartz",TITLE = "Telecommunication Networks",YEAR = "1987",PUBLISHER = "Addison-Wesley" }@BOOK{sedgewick92,AUTHOR = "R. Sedgewick",TITLE = "Algorithms in C++",YEAR = "1992",PUBLISHER = "Addison-Wesley" }@BOOK{seroul89,AUTHOR = "R. Seroul",TITLE = "Le petit Livre de {\TeX}",YEAR = "1989",PUBLISHER = "InterEditions" }@BOOK{solow90,AUTHOR = "D. Solow",TITLE = "How to Read and do Proofs",YEAR = "1990",EDITION = "2nd",PUBLISHER = "John Wiley \& Sons" }@BOOK{schell94,AUTHOR = "J. Schell",TITLE = "Small-Business Management Guide",YEAR = "1994",PUBLISHER = "Henry Holt" }@BOOK{schildt95,AUTHOR = "H. Schildt",TITLE = "C++: The Complete Reference",YEAR = "1994",EDITION = "2nd",PUBLISHER = "Osborne McGraw-Hill" }@BOOK{sidhu90,AUTHOR = "G. S. Sidhu and R. F. Andrews and A. B. Oppenheimer",TITLE = "Inside Apple{T}alk",YEAR = "1990",EDITION = "2nd",PUBLISHER = "Addison-Wesley" }@BOOK{stallings88,AUTHOR = "W. Stallings",TITLE = "Data and Computer Communication",YEAR = "1988",EDITION = "2nd",PUBLISHER = "Macmillan" }@BOOK{sterling94,AUTHOR = "L. Sterling and E. Shapiro",TITLE = "The Art of Prolog. Advanced Programming Techniques",YEAR = "1994",EDITION = "2nd",PUBLISHER = "MIT Press" }@BOOK{stevens90,AUTHOR = "W. Richard Stevens",TITLE = "{UNIX} Network Programming",YEAR = "1990",PUBLISHER = "Prentice-Hall" }@BOOK{strohmeier86,AUTHOR = "Alfred Strohmeier",TITLE = "Le mat\'{e}riel informatique: concepts et principes",YEAR = "1986",PUBLISHER = "Presses Polytechniques Romandes" }@BOOK{stroustrup91,AUTHOR = "B. Stroustrup",TITLE = "The C++ Programming Language",YEAR = "1991",EDITION = "2nd",PUBLISHER = "Addison-Wesley" }@BOOK{stroustrup96,AUTHOR = "B. Stroustrup",TITLE = "Le langage C++",YEAR = "1996",EDITION = "2nd",PUBLISHER = "International Thomson Publishing" }@BOOK{tanenbaum88,AUTHOR = "A.~S. Tanenbaum",TITLE = "Computer Networks",YEAR = "1988",EDITION = "2nd",PUBLISHER = "Prentice-Hall" }@BOOK{walrand91,AUTHOR = "J.~Walrand",TITLE = "Communication Networks: A First Course",YEAR = "1991",PUBLISHER = "Aksen Associates" }@BOOK{weiss94,AUTHOR = "M.~A. Weiss",TITLE = "Data Structures and Algotithm Analysis in C++",YEAR = "1994",PUBLISHER = "Addison-Wesley" }@BOOK{weiss96,AUTHOR = "M.~A. Weiss",TITLE = "Algorithmes, Data Structures, and Problem Solving with C++",YEAR = "1996",PUBLISHER = "Addison-Wesley" }@BOOK{weiss98,AUTHOR = "M.~A. Weiss",TITLE = "Data Structures, and Problem Solving Using Java",YEAR = "1998",PUBLISHER = "Addison-Wesley" }@BOOK{winston88,AUTHOR = "P.~H. Winston",TITLE = "Intelligence Artificielle",YEAR = "1988",EDITION = "2nd",PUBLISHER = "Inter-\'{E}ditions" }@BOOK{winston92,AUTHOR = "P.~H. Winston",TITLE = "Artificial Intelligence",YEAR = "1992",EDITION = "3th",PUBLISHER = "Addison-Wesley" }@BOOK{winston94a,AUTHOR = "P.~H. Winston",TITLE = "On to C.",YEAR = "1994",PUBLISHER = "Addison-Wesley" }@BOOK{winston94b,AUTHOR = "P.~H. Winston",TITLE = "On to C++",YEAR = "1994",PUBLISHER = "Addison-Wesley" }@BOOK{welsh99,AUTHOR = "M. Welsh and M.~K. Dalheimer and L. Kaufman",TITLE = "Running Linux",YEAR = "1999",EDITION = "3rd",PUBLISHER = "O'Reilly" }@BOOK{yarger99,AUTHOR = "R.~J. Yarger and G. Resse and T. King",TITLE = "{MySQL \& {mSQL}}",YEAR = "1999",PUBLISHER = "O'Reilly" }@BOOK{xuong91,AUTHOR = "N.~H. Xuong",TITLE = "Math\'ematiques Discr\`etes et Informatique",YEAR = "1991",PUBLISHER = "Masson" }