%%bibDiamant.bib%%%%PROCEDDINGS{burke97,%%TITLE = "Practice and Theory of Automated Timetabling II",%%EDITOR = "E. Burke and M. Carter",%%NUMBER = "1408",%%SERIES = "Lecture Notes in Computer Science",%%YEAR = "1997",%%PUBLISHER = "Springer" }@BOOK{aarts97,EDITOR = "E. Aarts and J.~K. Lenstra",TITLE = "Local Search in Combinatorial Optimization",YEAR = "1997",PUBLISHER = "J.~Wiley \& Sons" }@ARTICLE{aubin89,AUTHOR = "J. Aubin and J.~A. Ferland",TITLE = "A Large Scale Timetabling Problem",JOURNAL = "Computers Operations Research",YEAR = "1989",VOLUME = "16",NUMBER = "1",PAGES = "67-77" }@BOOK{burke97,TITLE = "Practice and Theory of Automated Timetabling II",EDITOR = "E. Burke and M. Carter",NUMBER = "1408",SERIES = "Lecture Notes in Computer Science",YEAR = "1997",PUBLISHER = "Springer" }@BOOK{charon96,AUTHOR = "I. Charon and  A. Germa and O. Hudry",TITLE = "M\'{e}thodes d'optimisation combinatoire",YEAR = "1996",PUBLISHER = "Masson" }@BOOK{fourer93,AUTHOR = "R. Fourer and D. M. Gay and B. W. Kernighan",TITLE = "{AMPL} A Modeling Language for Mathematical Programming",YEAR = "1999",PUBLISHER = "The Scientific Press, San Francisco" }@ARTICLE{carter89,AUTHOR = "M.~W. Carter",TITLE = "A {L}agrangian Relaxation Approach to the Classroom Assignement Problem",JOURNAL = "INFOR",YEAR = "1989",VOLUME = "27",NUMBER = "2",PAGES = "230-246" }@INPROCEEDINGS{carter97,AUTHOR = "M.~W. Carter and G. Laporte",TITLE = "Recent Developements in Practical Course Timetabling",BOOKTITLE = "{PATAT' 97}",SERIES = "Lecture Notes in Computer Science 1408",YEAR = "1997",PUBLISHER = "Springer" }%%NUMBER = "1408",@ARTICLE{chahal89,AUTHOR = "Chahal N. and {D.~de} Werra",TITLE = "An Interactive System for Constructing Timetables on a {PC}",JOURNAL = "European Journal of Operational Research",YEAR = "1989",VOLUME = "40",NUMBER = "1",PAGES = "32-37" }@INPROCEEDINGS{cheng96,AUTHOR = "C. Cheng and L. Kang and N. Leung and G. M. White",TITLE = "Investigation of a Constraint Logic Programming Approach to University Timetabling",BOOKTITLE = "{PATAT}",SERIES = "Lecture Notes in Computer Science 1153",YEAR = "1996",PUBLISHER = "Springer" }%%NUMBER = "1153",@ARTICLE{ferland91,AUTHOR = "J.~A. Ferland and C. Fleurent",TITLE = "Computer Scheduling for a Sport League",JOURNAL = "Information Systems and Operational Research",YEAR = "1991",VOLUME = "29",NUMBER = "1",PAGES = "14-25" }@ARTICLE{ferland94,AUTHOR = "J.~A. Ferland and C. Fleurent",TITLE = "{SAPHIR}: A Decision Support System for Course Scheduling",JOURNAL = "Interfaces",YEAR = "1994",VOLUME = "24",NUMBER = "2",MONTH = "Mar-Apr",PAGES = "105-115"}@ARTICLE{fleurent93,AUTHOR = "C. Fleurent and J.~A. Ferland",TITLE = "Allocating games for the {NHL} Using Integer Programming",JOURNAL = "Operations Research",YEAR = "1993",VOLUME = "41",NUMBER = "4",MONTH = "Jul-Aug",PAGES = "649-654" }@BOOK{garey79,AUTHOR = "M.~R. Garey and D.~S. Johnson",TITLE = "Computers and Intractability - A Guide to the Theory of {NP}-Completness   ",YEAR = "1979",PUBLISHER = "W. H. Freemann and Company" }@BOOK{gondran95,AUTHOR = "M. Gondran and M. Minoux",TITLE = "Graphes et algorithmes",YEAR = "1995",PUBLISHER = "Editions Eyrolles" }@TECHREPORT{gonzalezrubio98,AUTHOR = "R. Gonzalez-Rubio",TITLE = "Guide de Codage {J}ava",INSTITUTION = "Universit\'{e} de Sherbrooke",YEAR = "1998" }@ARTICLE{kang91,AUTHOR = "L. Kang and G.~H. {Von Schoenberg} and G. M. White",TITLE = "Complete University Timetabling Using Logic",JOURNAL = "Computers and Education",YEAR = "1991",VOLUME = "17",NUMBER = "2",PAGES = "145-153" }@BOOK{lay97,AUTHOR = "David C. Lay",TITLE = "Linear Algebra and its Applications",YEAR = "1997",PUBLISHER = "Addison-Wesley" }@ARTICLE{gordon95,AUTHOR = "V.~S. Gordon and J.~M. Bieman",TITLE = "Rapid Prototyping Lessons Learned",JOURNAL = "IEEE Software",YEAR = "1995",VOLUME = "12",NUMBER = "1",MONTH = "January",PAGES = "85-95" }@ARTICLE{hall90,AUTHOR = "A. Hall",TITLE = "Seven Myths of Formal Methods",JOURNAL = "IEEE Software",YEAR = "1990",VOLUME = "7",NUMBER = "9",MONTH = "September",PAGES = "11-19" }@ARTICLE{honiden93,AUTHOR = "S. Honiden and N. Kotaka and Y. Kishimoto",TITLE = "Formalizing Specification Modeling in {OOA}",JOURNAL = "IEEE Software",YEAR = "1993",VOLUME = "10",NUMBER = "1",MONTH = "January",PAGES = "54-66" }@ARTICLE{mehlhorn95,AUTHOR = "K. Mehlhorn and S. NŠher",TITLE = "{LEDA}: A Platform for Combinatorial and Geometric Computing",JOURNAL = "Communications of the ACM",YEAR = "1971",VOLUME = "38",NUMBER = "1",MONTH = "January",PAGES = "96-102" }@ARTICLE{meyer90,AUTHOR = "B. Meyer",TITLE = "Lessons from the Design of {E}iffel Libraries",JOURNAL = "Communications of the ACM",YEAR = "1990",VOLUME = "33",NUMBER = "9",MONTH = "September",PAGES = "68-88" }@BOOK{nedzela86,AUTHOR = "M. Nedzela",TITLE = "Introduction \`{a} La Science de la Gestion",YEAR = "1986",PUBLISHER = "{Presses de l'{U}niversit\'{e} de {Q}u\'{e}bec}" }@BOOK{niemeyer00,AUTHOR = "P. Niemeyer and J. Knudsen",TITLE = "Introduction  \`{a} Java{\raisebox{1ex}{\scriptsize TM}}",YEAR = "2000",PUBLISHER = "O'Reilly" }@BOOK{nobert95,AUTHOR = "Y. Nobert and  R. Ouellet and R. Parent",TITLE = "La Recherche Op\'{e}rationnelle",YEAR = "1995",PUBLISHER = "{Ga\"{e}tan Morin}" }@ARTICLE{perry90,AUTHOR = "D.~E. Perry and G.~E. Kaiser",TITLE = "Adequate Testing and {O}bject-{O}riented Programming",JOURNAL = "Journal of Object-Oriented Programming",YEAR = "1990",VOLUME = "2",NUMBER = "1",MONTH = "February",PAGES = "13-19" }@ARTICLE{pittman93,AUTHOR = "M. Pittman",TITLE = "Lessons Learned in Managing {O}bject-{O}riented Developpment",JOURNAL = "IEEE Software",YEAR = "1993",VOLUME = "10",NUMBER = "1",MONTH = "January",PAGES = "43-53" }@ARTICLE{snyder93,AUTHOR = "A. Snyder",TITLE = "The Essence of Objects: Concepts and Terms",JOURNAL = "IEEE Software",YEAR = "1993",VOLUME = "10",NUMBER = "1",MONTH = "January",PAGES = "31-42" }@BOOK{schrage99,AUTHOR = "L.  Schrage",TITLE = "Optimization Modeling with Lingo",YEAR = "1999",PUBLISHER = "Lindo Systems Inc." }@ARTICLE{wirth71,AUTHOR = "N. Wirth",TITLE = "Program Development by Stepwise Refinement",JOURNAL = "Communications of the ACM",YEAR = "1971",VOLUME = "14",NUMBER = "4",MONTH = "April",PAGES = "221-227" }@ARTICLE{abdennadher00,AUTHOR = "S. Abdennadher and M. Marte",TITLE = "University Course Timetabling Using Constraint Handlig Rules",JOURNAL = "Applied Artificial Intelligence",YEAR = "2000",VOLUME = "14",NUMBER = "",MONTH = "",PAGES = "311-325" }@ARTICLE{hertz98,AUTHOR = "A. Hertz and V. Robert",TITLE = "Constructing a Course Schedule by Solving a Series of Assignement Type Problems",JOURNAL = "European Journal of Operational Research",YEAR = "1998",VOLUME = "108",NUMBER = "",MONTH = "",PAGES = "587-603" }@BOOK{rardin98,AUTHOR = "R.~L. Rardin",TITLE = "Optimization In Operations Research",YEAR = "1998",PUBLISHER = "Prentice-Hall" }@ARTICLE{ferland96,AUTHOR = "J. Ferland and A. Hertz and  A. Lavoie",TITLE = "An Object-Oriented Methodology for SolvingAssignment Type Problems with Neighborhood Search Techniques",JOURNAL = "OperationsResearch",YEAR = "1996",VOLUME = "",NUMBER = "11",PAGES = "347-359" }@INPROCEEDINGS{goltz00,AUTHOR = "H.-J. Goltz",TITLE = "Combined Automatic and Interactive  Timetabling Using Constraint Logic Programming",YEAR = "2000",PAGES = "",EDITOR = "",BOOKTITLE = "{PATAT}'00",EDITION = "",VOLUME = "1",NUMBER = "",SERIES = "",MONTH = "August",ADDRESS = "Konztanz, Germany",PUBLISHER = "",ISBN = "" }@INPROCEEDINGS{kingston00,AUTHOR = "J.~H. Kingston and B. {Yin-Sun Lynn}",TITLE = "A Software Architecture for Timetable Construction",YEAR = "2000",PAGES = "",EDITOR = "",BOOKTITLE = "{PATAT}'00",EDITION = "",VOLUME = "1",NUMBER = "",SERIES = "",MONTH = "August",ADDRESS = "Konztanz, Germany",PUBLISHER = "",ISBN = "", PAGES ="342-352"}@proceedings{DBLP:conf/patat/2000,  editor    = {Edmund K. Burke and               Wilhelm Erben},  title     = {Practice and Theory of Automated Timetabling III, Third International               Conference, PATAT 2000, Konstanz, Germany, August 16-18, 2000,               Selected Papers},  booktitle = {PATAT},  publisher = {Springer},  series    = {Lecture Notes in Computer Science},  volume    = {2079},  year      = {2001},  isbn      = {3-540-42421-0},  bibsource = {DBLP, http://dblp.uni-trier.de}}@INPROCEEDINGS{goltz98,AUTHOR = "H.-J. Goltz and D. Matzke",TITLE = "University Timetabling Using Constraint Logic Programming",BOOKTITLE = "{PADL'99}",SERIES = "Lecture Notes in Computer Science 1551",YEAR = "1990",PUBLISHER = "Springer" }@ARTICLE{hertz92,AUTHOR = "A. Hertz",TITLE = "Finding a Feasible Course Schedule Using Tabu Search",JOURNAL = "Discrete Applied Mathematics",YEAR = "1992",VOLUME = "35",NUMBER = "",MONTH = "",PAGES = "255-270" }@BOOK{prins94,AUTHOR = "C. Prins",TITLE = "Algorithmes de Graphes",YEAR = "1994",PUBLISHER = "Eyrolles" }@BOOK{sait99,AUTHOR = "S.~M. Sait and H. Youssef" ,TITLE = "Iterative Computer Algorithms with Application in Engineering",YEAR = "1999",EDITION = "",PUBLISHER = "IEEE Computer Society" }@BOOK{taha97,AUTHOR = "H.~A. Taha",TITLE = "Operations Research An Introduction",YEAR = "1997",EDITION = "6th",PUBLISHER = "Prentice-Hall" }@ARTICLE{vaessens98,AUTHOR = "R. J. M. Vaessens and E. H. L. Aarts and J. K. Lenstra",TITLE = "A Local Search Template",JOURNAL = "Computers Operations Research",YEAR = "1998",VOLUME = "25",NUMBER = "11",PAGES = "969-979s" }@ARTICLE{werra85,AUTHOR = "{D.~de} Werra",TITLE = "An Introduction to Timetabling",JOURNAL = "European Journal of Operational Research",YEAR = "1985",VOLUME = "19",NUMBER = "2",PAGES = "151-162" }@INPROCEEDINGS{white00,AUTHOR = "G. M. White",TITLE = "Constrained Satisfaction Not So Constrainted Satisfaction and the Timetabling Problem",YEAR = "2000",PAGES = "",EDITOR = "",BOOKTITLE = "{PATAT}'00",EDITION = "",VOLUME = "1",NUMBER = "",SERIES = "",MONTH = "August",ADDRESS = "Konztanz, Germany",PUBLISHER = "",ISBN = "" }@INPROCEEDINGS{gonzalezrubio00,AUTHOR = "R. {Gonzalez Rubio}.",TITLE = "Generating University Timetables in a Interactive System: {DIAMANT}",YEAR = "2000",PAGES = "",EDITOR = "",BOOKTITLE = "{PATAT}'00",EDITION = "",VOLUME = "1",NUMBER = "",SERIES = "",MONTH = "August",ADDRESS = "Konztanz, Germany",PUBLISHER = "",ISBN = "" }